<record><leader>00000cas a22000007a 4500</leader><controlfield tag="001">12729578</controlfield><controlfield tag="008">851028d18291837pauwr ne      0    0eng d</controlfield><datafield ind1=" " ind2=" " tag="010"><subfield code="a">sn 85054830 </subfield></datafield><datafield ind1=" " ind2=" " tag="040"><subfield code="a">NPH</subfield><subfield code="b">eng</subfield><subfield code="c">NPH</subfield><subfield code="d">NYS</subfield><subfield code="d">OCLCQ</subfield></datafield><datafield ind1=" " ind2=" " tag="042"><subfield code="a">msc</subfield></datafield><datafield ind1="0" ind2="4" tag="245"><subfield code="a">The Berwick gazette.</subfield></datafield><datafield ind1="1" ind2="7" tag="246"><subfield code="a">Gazette</subfield></datafield><datafield ind1=" " ind2=" " tag="260"><subfield code="a">Berwick, Pa. :</subfield><subfield code="b">George Mack</subfield></datafield><datafield ind1=" " ind2=" " tag="300"><subfield code="a">v. ;</subfield><subfield code="c">48 cm.</subfield></datafield><datafield ind1=" " ind2=" " tag="310"><subfield code="a">Weekly</subfield></datafield><datafield ind1="1" ind2=" " tag="362"><subfield code="a">Began in 1829?; ceased in 1837?</subfield></datafield><datafield ind1=" " ind2=" " tag="580"><subfield code="a">Continues: Columbia gazette (Berwick, Pa.) Cf. Battle, J.H. History of Columbia and Montour Counties, Pa.</subfield></datafield><datafield ind1=" " ind2=" " tag="580"><subfield code="a">Merged with: Berwick argus to form: Berwick sentinel. Cf. Battle, J.H.</subfield></datafield><datafield ind1=" " ind2=" " tag="588"><subfield code="a">Description based on: Vol. 6, no. 8 (May 2, 1829) = whole no. 268.</subfield></datafield><datafield ind1=" " ind2=" " tag="752"><subfield code="a">United States</subfield><subfield code="b">Pennsylvania</subfield><subfield code="c">Columbia</subfield><subfield code="d">Berwick.</subfield></datafield><datafield ind1="1" ind2="0" tag="780"><subfield code="t">Columbia gazette (Berwick, Pa.)</subfield></datafield><datafield ind1="1" ind2="7" tag="785"><subfield code="t">Berwick argus</subfield></datafield><datafield ind1="1" ind2="7" tag="785"><subfield code="t">Berwick sentinel</subfield><subfield code="w">(DLC)sn 85025173</subfield><subfield code="w">(OCoLC)11638383</subfield></datafield></record>